<?xml version="1.0" encoding="UTF-8"?><collection xmlns="http://www.loc.gov/MARC21/slim"><record><leader>00690nam--2200241-u-4500</leader><controlfield tag="001">000050465</controlfield><controlfield tag="002">20161230</controlfield><controlfield tag="003">81856</controlfield><controlfield tag="005">20161230201048</controlfield><controlfield tag="008">070323s1000------------r-----000-0-eng-d</controlfield><datafield ind1=" " ind2=" " tag="020"><subfield code="a">0-387-95177-6</subfield></datafield><datafield ind1=" " ind2=" " tag="040"><subfield code="a">IFIN-HH</subfield></datafield><datafield ind1=" " ind2=" " tag="041"><subfield code="a">eng</subfield></datafield><datafield ind1=" " ind2=" " tag="080"><subfield code="a">512.643:530.145</subfield></datafield><datafield ind1="1" ind2=" " tag="100"><subfield code="a">Mehra, Jagdish</subfield></datafield><datafield ind1="1" ind2="0" tag="245"><subfield code="a">The Historical Development of Quantum Theory</subfield><subfield code="c">Jagdish Mehra; Helmut Rechenberg</subfield></datafield><datafield ind1=" " ind2=" " tag="260"><subfield code="a">New-York</subfield><subfield code="b">Springer</subfield><subfield code="c">1982</subfield></datafield><datafield ind1=" " ind2=" " tag="300"><subfield code="a">334 p</subfield></datafield><datafield ind1=" " ind2="4" tag="650"><subfield code="a">Matrix Mechanics</subfield></datafield><datafield ind1="1" ind2=" " tag="700"><subfield code="a">Rechenberg, Helmut</subfield></datafield><datafield ind1=" " ind2=" " tag="787"><subfield code="a">Vol. 3</subfield><subfield code="t">The Formulation of Matrix Mechanics and Its Modifications 1925-1926</subfield></datafield><datafield ind1=" " ind2=" " tag="852"><subfield code="a">81856</subfield><subfield code="c">530.14</subfield></datafield><datafield ind1=" " ind2=" " tag="CAT"><subfield code="a">Sys</subfield><subfield code="c">20110328</subfield><subfield code="h">123310</subfield></datafield></record></collection>